
@misc{anmeyRWTHHPCClusterUser,
  title = {The {{RWTH HPC-Cluster User}}'s {{Guide Version}} 8.4.0},
  author = {{an Mey}, Dieter and Terboven, Christian and Kapinos, Paul and Schmidl, Dirk and Wienke, Sandra and Cramer, Tim}
}

@misc{behrLectureParallelComputing,
  title = {Lecture: {{Parallel Computing}} for {{Computational Mechanics}}},
  author = {Behr, Marek}
}

@misc{IntelCompilerClassic2022,
  title = {{{Intel}}\textregistered{} {{C}}++ {{Compiler Classic Developer Guide}} and {{Reference}}},
  year = {2022},
  month = apr,
  url = {https://www.intel.com/content/www/us/en/develop/documentation/cpp-compiler-developer-guide-and-reference/top/compiler-reference/compiler-options/alphabetical-option-list.html}
}

@misc{QuickReferenceGuide,
  title = {Quick {{Reference Guide}} to {{Optimization}} with {{Intel}}\textregistered{} {{C}}++ and {{Fortran Compilers}} V19}
}


